<record><leader>00000cas a22000007a 4500</leader><controlfield tag="001">10501723</controlfield><controlfield tag="008">840309d187u1875pauwr ne      0    0eng d</controlfield><datafield ind1=" " ind2=" " tag="010"><subfield code="a">sn 84026514 </subfield></datafield><datafield ind1=" " ind2=" " tag="040"><subfield code="a">NPU</subfield><subfield code="b">eng</subfield><subfield code="c">NPU</subfield><subfield code="d">NPX</subfield><subfield code="d">NPH</subfield><subfield code="d">NYS</subfield><subfield code="d">OCLCQ</subfield></datafield><datafield ind1=" " ind2=" " tag="042"><subfield code="a">msc</subfield></datafield><datafield ind1="0" ind2=" " tag="130"><subfield code="a">Union City times (Union City, Pa. : 1871)</subfield></datafield><datafield ind1="1" ind2="0" tag="245"><subfield code="a">Union City times.</subfield></datafield><datafield ind1="1" ind2="3" tag="246"><subfield code="a">Union City weekly times</subfield></datafield><datafield ind1=" " ind2=" " tag="260"><subfield code="a">Union City, Pa. :</subfield><subfield code="b">Troup &amp; Locke</subfield></datafield><datafield ind1=" " ind2=" " tag="300"><subfield code="a">v. ;</subfield><subfield code="c">64 cm.</subfield></datafield><datafield ind1=" " ind2=" " tag="310"><subfield code="a">Weekly</subfield></datafield><datafield ind1="1" ind2=" " tag="362"><subfield code="a">Ceased in 1875.</subfield><subfield code="z">Cf. Hist. of Erie Co., Pa., 1884.</subfield></datafield><datafield ind1=" " ind2=" " tag="588"><subfield code="a">Description based on: Vol. 1, no. 32 (June 22, 1871).</subfield></datafield><datafield ind1=" " ind2=" " tag="752"><subfield code="a">United States</subfield><subfield code="b">Pennsylvania</subfield><subfield code="c">Erie</subfield><subfield code="d">Union City.</subfield></datafield><datafield ind1="0" ind2="0" tag="780"><subfield code="t">Union City weekly times (Union City, Pa. : 1872)</subfield><subfield code="w">(DLC)sn 89077037</subfield></datafield><datafield ind1="0" ind2="0" tag="785"><subfield code="t">Union City weekly times (Union City, Pa. : 1875)</subfield><subfield code="w">(DLC)sn 86054000</subfield></datafield></record>